@online{heilkraeuterlexikon,
	ALTauthor = {ersetz mich!},
	ALTeditor = {ersetz mich!},
	title = {Heilkräuterlexikon},
	date = {ersetz mich!},
	url = {heilkraeuter.de/lexikon},
}

@online{kraeuter-buch,
	ALTauthor = {ersetz mich!},
	ALTeditor = {ersetz mich!},
	title = {Das Kräuterbuch},
	date = {ersetz mich!},
	url = {kraeuter-buch.de},
}

@online{kraeuterweisheiten,
	ALTauthor = {ersetz mich!},
	ALTeditor = {editor},
	title = {Kräuterweisheiten},
	date = {editor},
	url = {http://www.kraeuterweisheiten.de/kraeuterlexikon.html},
}